<?xml version="1.0" encoding="UTF-8"?><collection xmlns="http://www.loc.gov/MARC21/slim"><record><leader>00519nam--2200145-i-4500</leader><controlfield tag="001">000015606</controlfield><controlfield tag="002">20161230</controlfield><controlfield tag="005">20170211141957</controlfield><controlfield tag="008">060222s1000------------r-----000-0-eng-d</controlfield><datafield ind1=" " ind2=" " tag="245"><subfield code="a">Ceramics in advanced energy technologies. Proceedings of the european colloquium held at the Joint Research Centre, Petten Establishment, Petten, The Netherlands 20-22 sept., 1982</subfield></datafield><datafield ind1=" " ind2=" " tag="260"><subfield code="a">Dordrecht</subfield><subfield code="b">D.Reidel Publ.Comp</subfield><subfield code="c">1984</subfield></datafield><datafield ind1=" " ind2=" " tag="300"><subfield code="a">542 p</subfield></datafield><datafield ind1=" " ind2=" " tag="700"><subfield code="a">Krockel, H</subfield></datafield><datafield ind1=" " ind2=" " tag="852"><subfield code="a">666.3:620.1(061.3)</subfield></datafield><datafield ind1=" " ind2=" " tag="CAT"><subfield code="a">SYS</subfield><subfield code="c">20170211</subfield><subfield code="h">141957</subfield></datafield></record></collection>